<?xml version="1.0" encoding="UTF-8"?><collection xmlns="http://www.loc.gov/MARC21/slim"><record><leader>00347nam--2200133-i-4500</leader><controlfield tag="001">000033552</controlfield><controlfield tag="002">20161230</controlfield><controlfield tag="005">20161230201039</controlfield><controlfield tag="008">060222s1000------------r-----000-0-eng-d</controlfield><datafield ind1=" " ind2=" " tag="080"><subfield code="a">616-07:621.039.83</subfield></datafield><datafield ind1=" " ind2=" " tag="100"><subfield code="a">Meyniel, G /S.A.</subfield></datafield><datafield ind1=" " ind2=" " tag="245"><subfield code="a">Traite de medicine nucleaire</subfield></datafield><datafield ind1=" " ind2=" " tag="260"><subfield code="a">Paris, Flammarion Medicine Sciences, 1975. 286p</subfield></datafield><datafield ind1=" " ind2=" " tag="852"><subfield code="a">46566</subfield></datafield></record></collection>